@article {TBJ:TBJ77,
author = {Wolberg, William H. and Street, W. Nick and Mangasarian, Olvi L.},
title = {Computerized Diagnosis of Breast Fine-Needle Aspirates},
journal = {The Breast Journal},
volume = {3},
number = {2},
publisher = {Blackwell Publishing Ltd},
issn = {1524-4741},
url = {http://dx.doi.org/10.1111/j.1524-4741.1997.tb00145.x},
doi = {10.1111/j.1524-4741.1997.tb00145.x},
pages = {77--80},
keywords = {Breast cancer, diagnosis, computer analysis, machine learning, fine-needle aspirates},
year = {1997},
}
