@article{Wolberg1995792,
title = "Computer-derived nuclear features distinguish malignant from benign breast cytology ",
journal = "Human Pathology ",
volume = "26",
number = "7",
pages = "792 - 796",
year = "1995",
note = "",
issn = "0046-8177",
doi = "http://dx.doi.org/10.1016/0046-8177(95)90229-5",
url = "http://www.sciencedirect.com/science/article/pii/0046817795902295",
author = "William H Wolberg and W.Nick Street and Dennis M Heisey and Olvi L Mangasarian",
keywords = "breast cancer",
keywords = "image processing",
keywords = "cytology",
keywords = "diagnosis",
keywords = "inductive machine learning "
}

