@article{wolberg1995image,
  title={Image analysis and machine learning applied to breast cancer diagnosis and prognosis},
  author={Wolberg, William H and Street, W Nick and Mangasarian, Olvi L},
  journal={Analytical and Quantitative cytology and histology},
  volume={17},
  number={2},
  pages={77--87},
  year={1995},
  publisher={St. Louis, MO: Science Printers and Publishers, 1985-}
}
